<record xmlns:xsi="http://www.w3.org/2001/XMLSchema-instance" xmlns="http://www.loc.gov/MARC21/slim" xsi:schemaLocation="http://www.loc.gov/MARC21/slim http://www.loc.gov/standards/marcxml/schema/MARC21slim.xsd">

  <leader>00946nam a22002537a 4500</leader>
  <datafield ind2=" " ind1=" " tag="999">
    <subfield code="c">3507</subfield>
    <subfield code="d">3507</subfield>
  </datafield>
  <controlfield tag="008">180619b2016    s  ||||| |||| 00| | spa d</controlfield>
  <datafield ind2=" " tag="020" ind1=" ">
    <subfield code="a">9788499610399</subfield>
  </datafield>
  <datafield ind1=" " tag="090" ind2=" ">
    <subfield code="a">04.02.01</subfield>
    <subfield code="b">2469</subfield>
  </datafield>
  <datafield ind1=" " tag="100" ind2=" ">
    <subfield code="9">3782</subfield>
    <subfield code="a">Albert Gómez, Ma. José</subfield>
  </datafield>
  <datafield ind1="1" tag="245" ind2="3">
    <subfield code="a">La educación en derechos humanos a través del ciberespacio /</subfield>
    <subfield code="c">Ma. José Albert  Gómez, María García Pérez Calabuig</subfield>
  </datafield>
  <datafield ind1=" " tag="250" ind2=" ">
    <subfield code="a">primera edición, 2011</subfield>
  </datafield>
  <datafield ind1=" " tag="260" ind2=" ">
    <subfield code="a">Madrid :</subfield>
    <subfield code="b">Editorial Universitaria Ramón Areces,</subfield>
    <subfield code="c">segunda reimpresión, 2016</subfield>
  </datafield>
  <datafield ind2=" " ind1=" " tag="300">
    <subfield code="a">201 páginas</subfield>
  </datafield>
  <datafield ind1="1" tag="650" ind2="4">
    <subfield code="9">588</subfield>
    <subfield code="a">DERECHOS HUMANOS</subfield>
  </datafield>
  <datafield ind2="0" tag="650" ind1="1">
    <subfield code="a">EDUCACIÓN EN VALORES</subfield>
    <subfield code="9">719</subfield>
  </datafield>
  <datafield ind2="4" tag="650" ind1="1">
    <subfield code="9">484</subfield>
    <subfield code="a">TECNOLOGÍA DE LA INFORMACIÓN </subfield>
  </datafield>
  <datafield tag="650" ind1="1" ind2="4">
    <subfield code="9">925</subfield>
    <subfield code="a">TECNOLOGÍA DE LAS COMUNICACIONES</subfield>
  </datafield>
  <datafield ind2="4" ind1="1" tag="650">
    <subfield code="9">667</subfield>
    <subfield code="a">DISCRIMINACIÓN </subfield>
  </datafield>
  <datafield ind2="4" tag="650" ind1="1">
    <subfield code="9">84</subfield>
    <subfield code="a">DERECHOS DE LA MUJER</subfield>
  </datafield>
  <datafield ind2="4" tag="650" ind1="1">
    <subfield code="9">570</subfield>
    <subfield code="a">DERECHOS DEL NIÑO</subfield>
  </datafield>
  <datafield ind2="4" tag="650" ind1="1">
    <subfield code="9">642</subfield>
    <subfield code="a">SOCIEDAD DE LA INFORMACIÓN </subfield>
  </datafield>
  <datafield ind2=" " tag="700" ind1=" ">
    <subfield code="9">3783</subfield>
    <subfield code="a">García Pérez Calabuig, María</subfield>
  </datafield>
  <datafield tag="942" ind1=" " ind2=" ">
    <subfield code="2">z</subfield>
    <subfield code="c">01</subfield>
  </datafield>
</record>